Untuk setiap referensi, baris pertama (Newton1687) merupakan label dan baris-baris berikutnya
merupakan atribut dari referensi yang akan digunakan. Umumnya, format referensi berikut sudah
disediakan oleh penyedia sumber referensi secara online dan bisa langsung digunakan di sini.
Lihat https://www.bibtex.com/g/bibtex-format/ untuk informasi lebih lanjut mengenai format
BibTex yang digunakan pada file ini.
@Inbook{Lant2016,
  author="Lant, Carol Le
  and Lawson, Michael J.",
  editor="Orrell, Janice
  and Curtis, David D.",
  title="Interactive Whiteboard Use and Student Engagement",
  bookTitle="Publishing Higher Degree Research: Making the Transition from Student to Researcher",
  year="2016",
  publisher="SensePublishers",
  address="Rotterdam",
  pages="33--42",
  abstract="Interactive Whiteboards (IWBs) have been associated with positive affect, and are perceived as motivational for students and teachers. Their multimedia capabilities have been reported to capture students' attention and support the transition from concrete learning to more abstract concepts. Betcher and Lee (2009, p. 1) state that ``Interactive Whiteboards (IWBs) have the capacity to fundamentally change -- and indeed revolutionise -- the nature of teaching''.",
  isbn="978-94-6300-672-9",
  doi="10.1007/978-94-6300-672-9_4",
  url="https://doi.org/10.1007/978-94-6300-672-9_4"
}

@InProceedings{Redmon_2016_CVPR,
  author = {Redmon, Joseph and Divvala, Santosh and Girshick, Ross and Farhadi, Ali},
  title = {You Only Look Once: Unified, Real-Time Object Detection},
  booktitle = {Proceedings of the IEEE Conference on Computer Vision and Pattern Recognition (CVPR)},
  month = {June},
  year = {2016}
  }

@article{article,
  author = {LeCun, Yann and Bengio, Y. and Hinton, Geoffrey},
  year = {2015},
  month = {05},
  pages = {436-44},
  title = {Deep Learning},
  volume = {521},
  journal = {Nature},
  doi = {10.1038/nature14539}
  }

@article{Newton1687,
  author={I. {Newton}},
  journal={Philosophi√¶ Naturalis Principia Mathematica},
  title={Axioms or Laws of Motion},
  year={1687}}

@misc{SpaceXBlueprint,
  title={Space X Blueprint},
  year=2021,
  url={https://id.pinterest.com/pin/344032859037191430/},
  urldate={2021-01-26}}